@article{ekstrom2012grids,
  title     = {Grids of stellar models with rotation-I. Models from 0.8 to 120 M at solar metallicity (Z= 0.014)},
  author    = {Ekstr{\"o}m, Sylvia and Georgy, Cyril and Eggenberger, Patrick and Meynet, Georges and Mowlavi, Nami and Wyttenbach, Aur{\'e}lien and Granada, Anah{\'\i} and Decressin, Thibaut and Hirschi, Raphael and Frischknecht, Urs and others},
  journal   = {Astronomy \& Astrophysics},
  volume    = {537},
  pages     = {A146},
  year      = {2012},
  publisher = {EDP Sciences}
}